@article{fusseis2014low,
  title={A low-cost X-ray-transparent experimental cell for synchrotron-based X-ray microtomography studies under geological reservoir conditions},
  author={Fusseis, Florian and Steeb, Holger and Xiao, Xianghui and Zhu, Wen-lu and Butler, Ian B and Elphick, Stephen and M{\"a}der, Urs},
  journal={Journal of synchrotron radiation},
  volume={21},
  number={1},
  pages={251--253},
  year={2014},
  publisher={International Union of Crystallography}
}

@article{keller1997micromodel,
  title={Micromodel observation of the role of oil layers in three-phase flow},
  author={Keller, Arturo A and Blunt, Martin J and Roberts, Arturo Paul V},
  journal={Transport in Porous Media},
  volume={26},
  number={3},
  pages={277--297},
  year={1997},
  publisher={Springer}
}

@article{ott2012core,
  title={Core-flood experiment for transport of reactive fluids in rocks},
  author={Ott, Holger and de Kloe, Kees and van Bakel, M and Vos, F and van Pelt, A and Legerstee, P and Bauer, A and Eide, K and van der Linden, A and Berg, S and others},
  journal={Review of Scientific Instruments},
  volume={83},
  number={8},
  pages={084501},
  year={2012},
  publisher={AIP}
}

@article{pak2015droplet,
  title={Droplet fragmentation: 3D imaging of a previously unidentified pore-scale process during multiphase flow in porous media},
  author={Pak, Tannaz and Butler, Ian B and Geiger, Sebastian and van Dijke, Marinus IJ and Sorbie, Ken S and others},
  journal={Proceedings of the National Academy of Sciences},
  volume={112},
  number={7},
  pages={1947--1952},
  year={2015},
  publisher={National Acad Sciences}
}

@article{berg2014multiphase,
  title={Multiphase flow in porous rock imaged under dynamic flow conditions with fast X-ray computed microtomography},
  author={Berg, Steffen and Armstrong, R and Ott, H and Georgiadis, A and Klapp, SA and Schwing, A and Neiteler, R and Brussee, N and Makurat, A and Leu, L and others},
  journal={Petrophysics},
  volume={55},
  number={04},
  pages={304--312},
  year={2014},
  publisher={Society of Petrophysicists and Well-Log Analysts}
}

@misc{gonzalez2002digital,
  title={Digital image processing},
  author={Gonzalez, Rafael C and Woods, Richard E and others},
  year={2002},
  publisher={Prentice hall Upper Saddle River, NJ}
}

@article{hartigan1979algorithm,
  title={Algorithm AS 136: A k-means clustering algorithm},
  author={Hartigan, John A and Wong, Manchek A},
  journal={Journal of the Royal Statistical Society. Series C (Applied Statistics)},
  volume={28},
  number={1},
  pages={100--108},
  year={1979},
  publisher={JSTOR}
}

@article{vincent1991watersheds,
  title={Watersheds in digital spaces: an efficient algorithm based on immersion simulations},
  author={Vincent, Luc and Soille, Pierre},
  journal={IEEE Transactions on Pattern Analysis \& Machine Intelligence},
  number={6},
  pages={583--598},
  year={1991},
  publisher={IEEE}
}

@inproceedings{ronneberger2015u,
  title={U-net: Convolutional networks for biomedical image segmentation},
  author={Ronneberger, Olaf and Fischer, Philipp and Brox, Thomas},
  booktitle={International Conference on Medical image computing and computer-assisted intervention},
  pages={234--241},
  year={2015},
  organization={Springer}
}

@inproceedings{krizhevsky2012imagenet,
  title={Imagenet classification with deep convolutional neural networks},
  author={Krizhevsky, Alex and Sutskever, Ilya and Hinton, Geoffrey E},
  booktitle={Advances in neural information processing systems},
  pages={1097--1105},
  year={2012}
}
@inproceedings{long2015fully,
  title={Fully convolutional networks for semantic segmentation},
  author={Long, Jonathan and Shelhamer, Evan and Darrell, Trevor},
  booktitle={Proceedings of the IEEE conference on computer vision and pattern recognition},
  pages={3431--3440},
  year={2015}
}
@inproceedings{girshick2014rich,
  title={Rich feature hierarchies for accurate object detection and semantic segmentation},
  author={Girshick, Ross and Donahue, Jeff and Darrell, Trevor and Malik, Jitendra},
  booktitle={Proceedings of the IEEE conference on computer vision and pattern recognition},
  pages={580--587},
  year={2014}
}
@inproceedings{ronneberger2015u,
  title={U-net: Convolutional networks for biomedical image segmentation},
  author={Ronneberger, Olaf and Fischer, Philipp and Brox, Thomas},
  booktitle={International Conference on Medical image computing and computer-assisted intervention},
  pages={234--241},
  year={2015},
  organization={Springer}
}

@article{lecun1989backpropagation,
  title={Backpropagation applied to handwritten zip code recognition},
  author={LeCun, Yann and Boser, Bernhard and Denker, John S and Henderson, Donnie and Howard, Richard E and Hubbard, Wayne and Jackel, Lawrence D},
  journal={Neural computation},
  volume={1},
  number={4},
  pages={541--551},
  year={1989},
  publisher={MIT Press}
}

@article{paszke2017automatic,
  title={Automatic differentiation in PyTorch},
  author={Paszke, Adam and Gross, Sam and Chintala, Soumith and Chanan, Gregory and Yang, Edward and DeVito, Zachary and Lin, Zeming and Desmaison, Alban and Antiga, Luca and Lerer, Adam},
  year={2017}
}

@misc{Jorispytorch,
  author = {Joris van Vugt},
  title = {Pytorch-unet},
  year = {2017},
  publisher = {GitHub},
  journal = {GitHub repository},
  howpublished = {\url{https://github.com/jvanvugt/pytorch-unet}
}}

@article{kingma2014adam,
  title={Adam: A method for stochastic optimization},
  author={Kingma, Diederik P and Ba, Jimmy},
  journal={arXiv preprint arXiv:1412.6980},
  year={2014}
}

@inproceedings{he2016deep,
  title={Deep residual learning for image recognition},
  author={He, Kaiming and Zhang, Xiangyu and Ren, Shaoqing and Sun, Jian},
  booktitle={Proceedings of the IEEE conference on computer vision and pattern recognition},
  pages={770--778},
  year={2016}
}

@inproceedings{szegedy2015going,
  title={Going deeper with convolutions},
  author={Szegedy, Christian and Liu, Wei and Jia, Yangqing and Sermanet, Pierre and Reed, Scott and Anguelov, Dragomir and Erhan, Dumitru and Vanhoucke, Vincent and Rabinovich, Andrew},
  booktitle={Proceedings of the IEEE conference on computer vision and pattern recognition},
  pages={1--9},
  year={2015}
}

@article{simonyan2014very,
  title={Very deep convolutional networks for large-scale image recognition},
  author={Simonyan, Karen and Zisserman, Andrew},
  journal={arXiv preprint arXiv:1409.1556},
  year={2014}
}

@article{reynolds2017dynamic,
  title={Dynamic fluid connectivity during steady-state multiphase flow in a sandstone},
  author={Reynolds, Catriona A and Menke, Hannah and Andrew, Matthew and Blunt, Martin J and Krevor, Samuel and others},
  journal={Proceedings of the National Academy of Sciences},
  volume={114},
  number={31},
  pages={8187--8192},
  year={2017},
  publisher={National Acad Sciences}
}

@article{berg2013real,
  title={Real-time 3D imaging of Haines jumps in porous media flow},
  author={Berg, Steffen and Ott, Holger and Klapp, Stephan A and Schwing, Alex and Neiteler, Rob and Brussee, Niels and Makurat, Axel and Leu, Leon and Enzmann, Frieder and Schwarz, Jens-Oliver and others},
  journal={Proceedings of the National Academy of Sciences},
  volume={110},
  number={10},
  pages={3755--3759},
  year={2013},
  publisher={National Acad Sciences}
}

@article{alratrout2018wettability,
  title={Wettability in complex porous materials, the mixed-wet state, and its relationship to surface roughness},
  author={AlRatrout, Ahmed and Blunt, Martin J and Bijeljic, Branko and others},
  journal={Proceedings of the National Academy of Sciences},
  volume={115},
  number={36},
  pages={8901--8906},
  year={2018},
  publisher={National Acad Sciences}
}

@article{grady2006random,
  title={Random walks for image segmentation},
  author={Grady, Leo},
  journal={IEEE Transactions on Pattern Analysis \& Machine Intelligence},
  number={11},
  pages={1768--1783},
  year={2006},
  publisher={IEEE}
}

@inproceedings{neubert2014compact,
  title={Compact watershed and preemptive slic: On improving trade-offs of superpixel segmentation algorithms},
  author={Neubert, Peer and Protzel, Peter},
  booktitle={2014 22nd International Conference on Pattern Recognition},
  pages={996--1001},
  year={2014},
  organization={IEEE}
}
@article{lecun2015deep,
  title={Deep learning},
  author={LeCun, Yann and Bengio, Yoshua and Hinton, Geoffrey},
  journal={nature},
  volume={521},
  number={7553},
  pages={436},
  year={2015},
  publisher={Nature Publishing Group}
}
@inproceedings{nguyen2015deep,
  title={Deep neural networks are easily fooled: High confidence predictions for unrecognizable images},
  author={Nguyen, Anh and Yosinski, Jason and Clune, Jeff},
  booktitle={Proceedings of the IEEE conference on computer vision and pattern recognition},
  pages={427--436},
  year={2015}
}
@article{su2019one,
  title={One pixel attack for fooling deep neural networks},
  author={Su, Jiawei and Vargas, Danilo Vasconcellos and Sakurai, Kouichi},
  journal={IEEE Transactions on Evolutionary Computation},
  year={2019},
  publisher={IEEE}
}
@article{goodfellow2014explaining,
  title={Explaining and harnessing adversarial examples},
  author={Goodfellow, Ian J and Shlens, Jonathon and Szegedy, Christian},
  journal={arXiv preprint arXiv:1412.6572},
  year={2014}
}

@inproceedings{buades2005non,
  title={A non-local algorithm for image denoising},
  author={Buades, Antoni and Coll, Bartomeu and Morel, J-M},
  booktitle={2005 IEEE Computer Society Conference on Computer Vision and Pattern Recognition (CVPR'05)},
  volume={2},
  pages={60--65},
  year={2005},
  organization={IEEE}
}
@book{bishop2006pattern,
  title={Pattern recognition and machine learning},
  author={Bishop, Christopher M},
  year={2006},
  publisher={Springer Science+ Business Media}
}
@article{bradley1997use,
  title={The use of the area under the ROC curve in the evaluation of machine learning algorithms},
  author={Bradley, Andrew P},
  journal={Pattern recognition},
  volume={30},
  number={7},
  pages={1145--1159},
  year={1997},
  publisher={Elsevier}
}
@article{rand1971objective,
  title={Objective criteria for the evaluation of clustering methods},
  author={Rand, William M},
  journal={Journal of the American Statistical association},
  volume={66},
  number={336},
  pages={846--850},
  year={1971},
  publisher={Taylor \& Francis Group}
}
@article{gursoy2014tomopy,
  title={TomoPy: a framework for the analysis of synchrotron tomographic data},
  author={G{\"u}rsoy, Doga and De Carlo, Francesco and Xiao, Xianghui and Jacobsen, Chris},
  journal={Journal of synchrotron radiation},
  volume={21},
  number={5},
  pages={1188--1193},
  year={2014},
  publisher={International Union of Crystallography}
}